%!TEX root = main.tex

%% This BibTeX bibliography file was created using BibDesk.
%% http://bibdesk.sourceforge.net/

%% Created for Alfons Laarman at 2016-05-07 18:41:02 +0200 


%% Saved with string encoding Unicode (UTF-8) 


@string{acm = {ACM}}

@string{ase = {ASE}}

@string{cade = {CADE}}

@string{cav = {CAV}}

@string{popl = {POPL}}

@string{charme = {CHARME}}

@string{cocoon = {COCOON}}

@string{concur = {CONCUR}}

@string{cacm = {Comm. of the ACM}}

@string{dac = {DAC}}

@string{parle = {PARLE}}

@string{date = {DATE}}

@string{elsevier = {Elsevier}}

@string{entcs = {ENTCS}}

@string{tcs = {Theoretical Computer Science}}

@string{esop = {ESOP}}

@string{fmcad = {FMCAD}}

@string{fmsd = {FMSD}}

@string{hvc = {HVC}}

@string{iaai = {IAAI}}

@string{iccad = {ICCAD}}

@string{icse = {ICSE}}

@string{ieee = {IEEE}}

@string{infinity = {INFINITY}}

@string{jacm = {J. ACM}}

@string{jcm = {J. Comp. Math.}}

@string{jsat = {JSAT}}

@string{jsl = {J. Symbolic Logic}}

@string{kluwer = {Kluwer}}

@string{lics = {LICS}}

@string{lncs = {LNCS}}

@string{lpar = {LPAR}}

@string{nfm = {NFM}}

@string{pldi = {PLDI}}

@string{popl = {POPL}}

@string{sas = {SAS}}

@string{sat = {SAT}}

@string{spin = {SPIN}}

@string{springer = {Springer}}

@string{sttt = {STTT}}

@string{tableaux = {TABLEAUX}}

@string{tacas = {TACAS}}

@string{tocl = {TOCL}}

@string{toplas = {ACM TOPLAS}}

@string{tse = {IEEE Transactions on Software Engineering}}

@string{vmcai = {VMCAI}}

%editor="Chechik, Marsha
%and Raskin, Jean-Fran{\c{c}}ois",title="Tools and Algorithms for the Construction and Analysis of Systems: 22nd International Conference, TACAS 2016, Held as Part of the European Joint Conferences on Theory and Practice of Software, ETAPS 2016, Eindhoven, The Netherlands, April 2-8, 2016, Proceedings",address="Berlin, Heidelberg",

% and Hatcliff, John and Ranganath, Venkatesh Prasad and others
@article{dwyer2004exploiting,
  title={Exploiting object escape and locking information in partial-order reductions for concurrent object-oriented programs},
  author = {Dwyer, Matthew B. and Hatcliff, John and Robby and Ranganath, Venkatesh Prasad},
  journal=fmsd,
  volume={25},
  number={2-3},
  pages={199--240},
  year={2004},
  publisher=springer
}


@inproceedings{vvt,
author="G{\"u}nther, Henning 
and Laarman, Alfons
and Weissenbacher, Georg",
title="{Vienna Verification Tool}: {IC3} for Parallel Software",
booktitle=tacas,
year="2016",
publisher=springer,
pages="954--957",
series = lncs,
volume = {9636},
}

@inproceedings{GuntherW14,
	Author = {Henning G{\"{u}}nther and Georg Weissenbacher},
	Booktitle = SPIN,
	Pages = {40--47},
	Publisher = ACM,
	Title = {Incremental bounded software model checking},
	Year = {2014}}


%},
@incollection{kurshan1998static,
  title={Static partial order reduction},
  author={Kurshan, Robert and Levin, Vladimir and Minea, Marius and Peled, Doron and Yenig{\"u}n, H{\"u}sn{\"u}}, 
  booktitle=tacas,
  pages={345--357},
  year={1998},
  series = lncs,
  volume = {1384},
  publisher=springer
}

@book{bondy,
  title={Graph theory with applications},
  author={Bondy, John Adrian and Murty, Uppaluri Siva Ramachandra},
  volume={290},
  year={1976},
  publisher={Macmillan London}
}

@MISC{knuth,
    author = {Don Knuth},
    title = {Notes On "Open" Addressing},
    year = {1963}
}

@inbook{Dalsgaard2012,
	Author = {Dalsgaard, Andreas E. and Laarman, Alfons and Larsen, Kim G. and Olesen, Mads Chr. and van de Pol, Jaco},
	Chapter = {Multi-core Reachability for Timed Automata},
	Doi = {10.1007/978-3-642-33365-1_8},
	Pages = {91--106},
	Publisher = springer,
	Title = {FORMATS},
	Year = {2012}}

@article{Finkel200163,
	Author = {A. Finkel and Ph. Schnoebelen},
	Doi = {http://dx.doi.org/10.1016/S0304-3975(00)00102-X},
	Journal = {Theoretical Computer Science},
	Note = {\{ISS\}},
	Number = {1--2},
	Pages = {63 - 92},
	Title = {Well-structured transition systems everywhere!},
	Volume = {256},
	Year = {2001}}

@misc{bansalcommutativity,
	Author = {Bansal, Kshitij and Koskinen, Eric and Tripp, Omer},
	Title = {Commutativity Condition Refinement},
	Url = {http://www.cs.nyu.edu/~kshitij/projects/servois/draft_as_on_26feb2015.pdf},
	Bdsk-Url-1 = {http://www.cs.nyu.edu/~kshitij/projects/servois/draft_as_on_26feb2015.pdf}}

@inproceedings{bjorner,
	\Articleno = {49},
	Author = {Herdt, Vladimir and Le, Hoang M. and Drechsler, Rolf},
	Booktitle = dac,
	Doi = {10.1145/2744769.2744927},
	Pages = {49:1--49:6},
	Publisher = {ACM},
	Title = {Verifying SystemC Using Stateful Symbolic Simulation},
	Year = {2015}}

@incollection{peephole,
	Author = {Wang, Chao and Yang, Zijiang and Kahlon, Vineet and Gupta, Aarti},
	Booktitle = TACAS,
	Pages = {382--396},
	Publisher = SPRINGER,
	Series = LNCS,
	Title = {Peephole Partial Order Reduction},
	Volume = {4963},
	Year = {2008}}

@incollection{timedltl,
	Author = {Laarman, Alfons and Olesen, Mads Chr. and Dalsgaard, Andreas E. and Larsen, Kim G. and van de Pol, Jaco},
	Booktitle = cav,
	Doi = {10.1007/978-3-642-39799-8_69},
	Pages = {968-983},
	Publisher = {Springer},
	Series = {LNCS},
	Title = {Multi-core Emptiness Checking of Timed B\"uchi Automata Using Inclusion Abstraction},
	Volume = {8044},
	Year = {2013}}

@article{qadeer-transactions,
	Author = {Cormac Flanagan and Shaz Qadeer},
	Journal = ENTCS,
	Note = {Software Model Checking},
	Number = {3},
	Pages = {518 - 539},
	Title = {Transactions for Software Model Checking},
	Volume = {89},
	Year = {2003}}

@inproceedings{qadeer-atomicity,
	Author = {Flanagan, Cormac and Qadeer, Shaz},
	Booktitle = PLDI,
	Pages = {338--349},
	Publisher = ACM,
	Title = {A Type and Effect System for Atomicity},
	Year = {2003}}

@article{qadeer-java,
	Author = {Stephen N. Freund and Shaz Qadeer},
	Journal = {Journal of Object Technology},
	Title = {Checking concise specifications for multithreaded software},
	Volume = {3},
	Year = {2004}}

% and Brayton, Robert K and Henzinger, Thomas A and Qadeer, Shaz and Rajamani, Sriram K},
@inproceedings{alur1997partial,
  title={Partial-order reduction in symbolic state space exploration},
  author = {Alur, R. and Brayton, R. K. and Henzinger, T. A. and Qadeer, S. and Rajamani, S. K.},
  booktitle=cav,
  series=LNCS,
  volume={1254},
  pages={340--351},
  year={1997},
  publisher=springer
}


@incollection{gribomont,
	Author = {Gribomont, Pascal},
	Booktitle = {CAV},
	Doi = {10.1007/3-540-61474-5_79},
	Pages = {311-322},
	Publisher = springer,
	Series = LNCS,
	Title = {Atomicity refinement and trace reduction theorems},
	Volume = {1102},
	Year = {1996}}

@inproceedings{Doeppner:1977:PPC:512950.512965,
	Author = {Doeppner,Jr., Thomas W.},
	booktitle = popl,
	Pages = {155--169},
	Publisher = acm,
	Title = {Parallel Program Correctness Through Refinement},
	Year = {1977},
}

@incollection{cartesian,
	Author = {Gueta, Guy and Flanagan, Cormac and Yahav, Eran and Sagiv, Mooly},
	Booktitle = SPIN,
	Pages = {95--112},
	Publisher = SPRINGER,
	Series = LNCS,
	Title = {Cartesian Partial-Order Reduction},
	Volume = {4595},
	Year = {2007}}

@incollection{Stoller2003,
author="Stoller, Scott D. and Cohen, Ernie",
Title="Optimistic Synchronization-Based State-Space Reduction",
Booktitle=tacas,
year="2003",
publisher=springer,
pages="489--504",
doi="10.1007/3-540-36577-X_36",
series = lncs,
volume={2619}
}



@techreport{lamport-lipton,
	Author = {Lamport, Leslie and Schneider, Fred B.},
	Institution = {Cornell University},
	Source = {http://www.ncstrl.org:8900/ncstrl/servlet/search?formname=detail\&id=oai%3Ancstrlh%3Acornellcs%3ACORNELLCS%3ATR89-1005},
	Title = {Pretending Atomicity},
	Year = {1989}}

@incollection{liu,
	Author = {Liu, Yang and Sun, Jun and Dong, JinSong},
	Booktitle = {FMSE},
	Doi = {10.1007/978-3-642-10373-5_22},
	Editor = {Breitman, Karin and Cavalcanti, Ana},
	Pages = {426-445},
	Publisher = springer,
	Series = LNCS,
	Title = {Scalable Multi-core Model Checking Fairness Enhanced Systems},
	Volume = {5885},
	Year = {2009}}

@inproceedings{beem,
	Author = {R. Pel\'anek},
	Booktitle = spin,
	Pages = {263-267},
	Publisher = springer,
	Series = LNCS,
	Title = {{BEEM}: {B}enchmarks for {E}xplicit {M}odel {C}heckers},
	Volume = {4595},
	Year = {2007}}

@article{spins,
	Author = {van der {Berg}, F. and A. {Laarman}},
	Booktitle = {Proc.~PASM and PDMC},
	Journal = ENTCS,
	Pages = {95 - 105},
	Title = {{SpinS: Extending LTSmin with Promela through SpinJa}},
	Volume = {296},
	Year = {2013}}

@inproceedings{lowe,
	Author = {Lowe, Gavin},
	Booktitle = TACAS,
	Pages = {202-216},
	Publisher = springer,
	Series = LNCS,
	Title = {{Concurrent Depth-First Search Algorithms}},
	Volume = {8413},
	Year = {2014}}

@inproceedings{boosting,
	Author = {A.W. {Laarman} and van de Pol, J.C. and M. {Weber}},
	Booktitle = fmcad,	Pages = {247-255},
	Publisher = {IEEE-CS},
	Title = {{Boosting Multi-Core Reachability Performance with Shared Hash Tables}},
	Year = {2010}}

@inproceedings{owcty,
	Author = {J. Barnat and L. Brim and P. Ro\v{c}kai},
	Booktitle = icfem,
	Pages = {407--425},
	Publisher = springer,
	Series = LNCS,
	Title = {{A Time-Optimal On-the-Fly Parallel Algorithm for Model Checking of Weak LTL Properties}},
	Volume = {5885},
	Year = {2009}}

@inproceedings{owcty-old,
	Author = {I. {{\v C}ern{\'a}} and R. Pel{\'a}nek},
	Booktitle = SPIN,
	Doi = {10.1007/3-540-44829-2_4},
	Pages = {49-73},
	Title = {Distributed Explicit Fair Cycle Detection (Set Based Approach)},
	Year = {2003}}

@incollection{parle89,
	Author = {Valmari, A.},
	Booktitle = parle,
	Doi = {10.1007/3-540-51285-3_35},
	Pages = {89-103},
	Publisher = springer,
	Series = lncs,
	Title = {{Eliminating Redundant Interleavings During Concurrent Program Verification}},
	Url = {http://dx.doi.org/10.1007/3-540-51285-3_35},
	Volume = {366},
	Year = {1989}}

@article{twophase,
	Author = {Nalumasu, Ratan and Gopalakrishnan, Ganesh},
	Doi = {10.1023/A:1014728912264},
	Journal = fmsd,
	Number = {3},
	Pages = {231-247},
	Publisher = kluwer,
	Title = {{An Efficient Partial Order Reduction Algorithm with an Alternative Proviso Implementation}},
	Volume = {20},
	Year = {2002}}

@inproceedings{spinpordistr,
	Author = {Lerda, Flavio and Sisto, Riccardo},
	Booktitle = {SPIN'99},
	Pages = {22-39},
	Publisher = springer,
	Series = LNCS,
	Title = {{Distributed-Memory Model Checking with SPIN}},
	Volume = {1680},
	Year = {1999}}

@inproceedings{parpor,
	Acmid = {1915908},
	Author = {Barnat, J. and Brim, L. and Ro\v{c}kai, P.},
	Booktitle = SEFM,
	Pages = {222--231},
	Publisher = IEEE,
	Title = {{Parallel Partial Order Reduction with Topological Sort Proviso}},
	Year = {2010}}

@inproceedings{tree,
	Author = {A. {Laarman} and {Pol}, J. van de and M. {Weber}},
	Booktitle = SPIN,
	Deleditor = {A. {Groce} and M. {Musuvathi}},
	Keywords = {Model checking, parallel, multi-core, state space compression, tree-based algorithm, incremental algorithm},
	Pages = {38--56},
	Publisher = Springer,
	Series = LNCS,
	Title = {{Parallel Recursive State Compression for Free}},
	Year = {2011}}

@inproceedings{valmari1988error,
	Author = {Valmari, A.},
	Booktitle = {APN},
	Pages = {95--112},
	Title = {{Error Detection by Reduced Reachability Graph Generation}},
	Year = {1988}}

@inproceedings{godefroid-cav90,
	Author = {Patrice Godefroid},
	Booktitle = CAV,
	Ee = {http://dx.doi.org/10.1007/BFb0023731},
	Pages = {176-185},
	Title = {{Using Partial Orders to Improve Automatic Verification Methods}},
	Publisher = springer,
	Series = LNCS,
	Volume = {531},
	Year = {1991}}

@inproceedings{schwoon,
	Affiliation = {Institut f{\"u}r Formale Methoden der Informatik, Universit\"{a}t Stuttgart},
	Author = {S. Schwoon and J. Esparza},
	Booktitle = TACAS,
	Doi = {10.1007/978-3-540-31980-1\_12},
	Pages = {174-190},
	Publisher = springer,
	Series = LNCS,
	Title = {{A Note on On-the-Fly Verification Algorithms}},
	Volume = {3440},
	Year = {2005}}

@inproceedings{holzmannndfs,
	Author = {Holzmann, G.J. and Peled, D and Yannakakis, M.},
	Booktitle = SPIN,
	Pages = {23--32},
	Publisher = AMS,
	Title = {{On Nested Depth First Search}},
	Year = {1996}}

@inproceedings{cndfs,
	Author = {S. {Evangelista} and A. {Laarman} and L. {Petrucci} and Pol, J. {van} {de}},
	Booktitle = ATVA,
	Pages = {269--283},
	Publisher = springer,
	Series = LNCS,
	Title = {{Improved Multi-core Nested Depth-First Search}},
	Volume = {7561},
	Year = {2012}}

@inproceedings{dfsfifo,
	Author = {A. {Laarman} and D. Farag\'o},
	Booktitle = NFM,
	Pages = {32-47},
	Publisher = springer,
	Series = LNCS,
	Title = {{Improved On-The-Fly Livelock Detection}},
	Volume = {7871},
	Year = {2013}}

@inproceedings{vardi,
	Author = {M.Y. Vardi and P. Wolper},
	Booktitle = LICS,
	Pages = {332--344},
	Publisher = IEEE,
	Title = {{An Automata-Theoretic Approach to Automatic Program Verification}},
	Year = 1986}

@article{ignoring,
	Author = {Evangelista, S. and Pajault, C.},
	Issue = {2},
	Journal = {STTT},
	Keywords = {Explicit model checking; Partial order reduction; Ignoring problem; Cycle proviso},
	Pages = {155-170},
	Publisher = springer,
	Title = {{Solving the Ignoring Problem for Partial Order Reduction}},
	Volume = {12},
	Year = {2010}}

@inproceedings{courcoubetis,
	Author = {C. Courcoubetis and M.Y. Vardi and P. Wolper and M. Yannakakis},
	Booktitle = CAV,
	Pages = {233--242},
	Publisher = springer,
	Series = LNCS,
	Title = {{Memory Efficient Algorithms for the Verification of Temporal Properties}},
	Volume = {531},
	Year = {1990}}

@inproceedings{pneuli,
	Author = {Amir Pnueli},
	Booktitle = {FOCS},
	Ee = {http://doi.ieeecomputersociety.org/10.1109/SFCS.1977.32},
	Pages = {46-57},
	Title = {The Temporal Logic of Programs},
	Publisher = IEEE,
	Year = {1977}}


@phdthesis{varpa,
	Author = {Varpaaniemi, Kimmo},
	School = {Helsinki University of Technology},
	Title = {{On the Stubborn Set Method in Reduced State Space Generation}},
	Year = {1998}}

@phdthesis{mcmc,
	Author = {Laarman, Alfons},
	School = {University of Twente},
	Title = {{Scalable Multi-Core Model Checking}},
	Year = {2014}}

@incproceedings{openset,
	Author = {Bo{\v s}na{\v c}ki, Dragan and Holzmann, GerardJ.},
	Booktitle = SPIN,
	Pages = {91-105},
	Publisher = springer,
	Series = LNCS,
	Title = {{Improving Spin's Partial-Order Reduction for Breadth-First Search}},
	Volume = {3639},
	Year = {2005},
	Bdsk-Url-1 = {http://dx.doi.org/10.1007/11537328_10}}

@inproceedings{spor,
	Author = {Kurshan, R. and Levin, V. and Minea, M. and Peled, D. and Yenig\"un, H.},
	Booktitle = TACAS,
	Pages = {345-357},
	Publisher = springer,
	Series = LNCS,
	Title = {{Static Partial Order Reduction}},
	Volume = {1384},
	Year = {1998},
	Bdsk-Url-1 = {http://dx.doi.org/10.1007/BFb0054182}}

@book{katoen,
	Author = {Baier, Christel and Katoen, Joost-Pieter},
	Publisher = {{The MIT Press}},
	Tags = {Model Checking},
	Title = {{Principles of Model Checking}},
	Year = {2008}}

@inproceedings{ssalgebra,
	Author = {Valmari, Antti},
	Booktitle = {POMIV'96},
	Pages = {213--231},
	Publisher = AMS,
	Title = {{Stubborn Set Methods for Process Algebras}},
	Year = {1997},
	Bdsk-Url-1 = {http://dl.acm.org/citation.cfm?id=266557.266608}}

@article{reif,
	Author = {J. H. Reif},
	Journal = {Information Processing Letters},
	Number = {5},
	Pages = {229-234},
	Title = {Depth-first {S}earch is {I}nherently {S}equential},
	Volume = {20},
	Year = {1985},
	Bdsk-Url-1 = {http://dx.doi.org/10.1016/0020-0190(85)90024-9}}

@article{moore,
	Author = {G. E. Moore},
	Journal = {Electronics},
	Number = {10},
	Pages = {114-117},
	Publisher = IEEE,
	Title = {{Cramming more Components onto Integrated Circuits}},
	Volume = {38},
	Year = {1965}}

@article{gsea,
	Author = {Dragan Bo\v{s}na\v{c}ki and Stefan Leue and Alberto Lluch-Lafuente},
	Journal = {STTT},
	Number = {1},
	Pages = {39-51},
	Title = {{Partial-Order Reduction for General State Exploring Algorithms}},
	Volume = {11},
	Year = {2009}}

@inproceedings{explosion,
	Author = {Valmari, A.},
	Booktitle = {Petri Nets'96},
	Pages = {429--528},
	Publisher = springer,
	Series = LNCS,
	Title = {{The State Explosion Problem}},
	Volume = {1491},
	Year = {1998},
	Bdsk-Url-1 = {http://dl.acm.org/citation.cfm?id=647444.727054}}

@incollection{peledltl,
	Author = {Peled, Doron},
	Booktitle = cav,
	Doi = {10.1007/3-540-58179-0_69},
	Pages = {377--390},
	Publisher = springer,
	Series = lncs,
	Title = {{Combining Partial Order Reductions with On-the-Fly Model-Checking}},
	Url = {http://dx.doi.org/10.1007/3-540-58179-0_69},
	Volume = {818},
	Year = {1994},
	Bdsk-Url-1 = {http://dx.doi.org/10.1007/3-540-58179-0_69}}

@article{spinja,
	Author = {Freark {van} {der} Berg and Alfons Laarman},
	Journal = ENTCS,
	Pages = {95--105},
	Title = {SpinS: Extending LTSmin with Promela through SpinJa},
	Volume = {296},
	Year = {2013}}

@inproceedings{lndfs,
	Author = {Laarman, Alfons and Langerak, Rom and van de Pol, Jaco and Weber, Michael and Wijs, Anton},
	Booktitle = ATVA,
	Doi = {10.1007/978-3-642-24372-1_23},
	Pages = {321-335},
	Publisher = springer,
	Series = LNCS,
	Title = {{Multi-core Nested Depth-First Search}},
	Urldel = {http://dx.doi.org/10.1007/978-3-642-24372-1_23},
	Volume = {6996},
	Year = {2011},
	Bdsk-Url-1 = {http://dx.doi.org/10.1007/978-3-642-24372-1_23}}

@inproceedings{mucrl,
	Author = {Blom, S.C.C. and Calam\'{e}, J.R. and Lisser, B. and Orzan, S. and Pang, J. and Van De Pol, J. and Torabi Dashti, M. and Wijs, A.},
	Pages = {683--689},
	Publisher = springer,
	Series = TACAS,
	Title = {Distributed analysis with $\mu${CRL}: a compendium of case studies},
	Year = {2007},
	Bdsk-Url-1 = {http://portal.acm.org/citation.cfm?id=1763507.1763576}}

@inproceedings{mcrl2,
	Author = {J.F. Groote and J. Keiren and A. Mathijssen and B. Ploeger and F. Stappers and C. Tankink and Y. Usenko and Weerdenburg, M. van and W. Wesselink and T. Willemse and Wulp, J. van der},
	Booktitledel = {WASDeTT},
	Series = {WASDeTT},
	Title = {The {mCRL2} toolset},
	Year = {2008}}

@inproceedings{holzmann-godefroid-pirottin,
	Author = {Holzmann, G.J. and Godefroid, P. and Pirottin, D.},
	Booktitle = {Proceedings of the {IFIP TC6/WG6.1} Twelth International Symposium on Protocol Specification, Testing and Verification XII},
	Pages = {349--363},
	Publisher = {North-Holland Publishing Co.},
	Title = {Coverage Preserving Reduction Strategies for Reachability Analysis},
	Year = {1992},
	Bdsk-Url-1 = {http://portal.acm.org/citation.cfm?id=645835.670549}}

@article{holzmann-97,
	Author = {Holzmann, G.J.},
	Doi = {10.1109/32.588521},
	Issue = {5},
	Journal = {IEEE TSE},
	Pages = {279--295},
	Publisher = IEEE,
	Title = {The Model Checker {SPIN}},
	Volume = {23},
	Year = {1997},
	Bdsk-Url-1 = {http://portal.acm.org/citation.cfm?id=260897.260902},
	Bdsk-Url-2 = {http://dx.doi.org/10.1109/32.588521}}

@inproceedings{divine,
	Author = {J. Barnat and L. Brim and M. \v{C}e\v{s}ka and P. Ro\v{c}kai},
	Booktitle = {HiBi/PDMC'10},
	Pages = {4--7},
	Publisher = IEEE,
	Title = {{DiVinE: Parallel Distributed Model Checker}},
	Year = {2010}}

@incollection{divine-old,
	Author = {Barnat, J. and Brim, L. and {\v C}ern{\'a}, I. and Moravec, P. and Ro{\v c}kai, P. and {\v S}ime{\v c}ek, P.},
	Bdsk-Url-1 = {http://dx.doi.org/10.1007/11817963\_26},
	Booktitle = CAV,
	Pages = {278-281},
	Publisher = springer,
	Series = LNCS,
	Title = {{DiVinE} -- A Tool for Distributed Verification},
	Url = {http://dx.doi.org/10.1007/11817963\_26},
	Volume = {4144},
	Year = {2006},
	Bdsk-Url-2 = {http://dx.doi.org/10.1007/11817963%5C_26}}

@article{basten-bosnacki-geilen,
	Author = {Basten, T. and Bo\v{s}na\v{c}ki, D. and Geilen, M.},
	Doi = {10.1023/B:AUSE.0000038937.18006.3d},
	Issue = {4},
	Journal = {Automated Software Eng.},
	Pages = {365--402},
	Publisher = Kluwer,
	Title = {Cluster-Based Partial-Order Reduction},
	Url = {http://portal.acm.org/citation.cfm?id=1015977.1015992},
	Volume = {11},
	Year = {2004},
	Bdsk-Url-1 = {http://portal.acm.org/citation.cfm?id=1015977.1015992},
	Bdsk-Url-2 = {http://dx.doi.org/10.1023/B:AUSE.0000038937.18006.3d}}

%: An Optimal Symbolic Partial Order Reduction Technique
@incollection{kahlon-wang-gupta,
	author="Kahlon, Vineet and Wang, Chao and Gupta, Aarti",
	Bdsk-Url-1 = {http://dx.doi.org/10.1007/978-3-642-02658-4\_31},
	Booktitle = CAV,
	Doi = {http://dx.doi.org/10.1007/978-3-642-02658-4\_31},
	Pages = {398--413},
	Publisher = springer,
	Series = LNCS,
	volume="5643",
	Title = {Monotonic Partial Order Reduction: An Optimal Symbolic Partial Order Reduction Technique},
	Url = {http://dx.doi.org/10.1007/978-3-642-02658-4\_31},
	Year = {2009}
}

%editor="Ball, Thomas and Jones, Robert B.",
@incollection{Kahlon2006,
author="Kahlon, Vineet and Gupta, Aarti and Sinha, Nishant",
title="Symbolic Model Checking of Concurrent Programs Using Partial Orders and On-the-Fly Transactions",
series = LNCS,
volume="4144",
booktitle=CAV,
year="2006",
publisher="Springer",
pages="286--299",
isbn="978-3-540-37411-4",
doi="10.1007/11817963_28",
url="http://dx.doi.org/10.1007/11817963_28"
}



@incollection{karp,
	Author = {Karp, R. M.},
	Booktitle = {Complexity of Computer Computations},
	Doi = {10.1007/978-1-4684-2001-2_9},
	Pages = {85-103},
	Publisher = springer,
	Series = {IBM Research Symposia Series},
	Title = {{Reducibility among Combinatorial Problems}},
	Year = {1972},
	Bdsk-Url-1 = {http://dx.doi.org/10.1007/978-1-4684-2001-2_9}}

@article{nalumasu-gopalakrishnan,
	Author = {Nalumasu, R. and Gopalakrishnan, G.},
	Doi = {10.1023/A:1014728912264},
	Issue = {3},
	Journal = fmsd,
	Pages = {231--247},
	Publisher = Kluwer,
	Title = {{An Efficient Partial Order Reduction Algorithm with an Alternative Proviso Implementation}},
	Url = {http://portal.acm.org/citation.cfm?id=599485.599486},
	Volume = {20},
	Year = {2002},
	Bdsk-Url-1 = {http://portal.acm.org/citation.cfm?id=599485.599486},
	Bdsk-Url-2 = {http://dx.doi.org/10.1023/A:1014728912264}}

@inproceedings{holzmann-peled,
	Author = {Holzmann, G.J. and Peled, D.},
	Booktitle = {IFIP WG6.1 ICFDT VII},
	Pages = {197--211},
	Publisher = {Chapman \& Hall, Ltd.},
	Title = {{An Improvement in Formal Verification}},
	Url = {http://portal.acm.org/citation.cfm?id=646213.681369},
	Year = {1995},
	Bdsk-Url-1 = {http://portal.acm.org/citation.cfm?id=646213.681369}}

@inproceedings{flanagan2005dynamic,
  title={Dynamic partial-order reduction for model checking software},
  author={Flanagan, Cormac and Godefroid, Patrice},
  booktitle=popl,
  volume={40 (1)},
  pages={110--121},
  year={2005},
  organization=ACM,
}

@incollection{sleepset,
	Author = {Godefroid, Patrice},
	Booktitle = CAV,
	Pages = {176--185},
	Publisher = SPRINGER,
	Series = LNCS,
	Title = {Using partial orders to improve automatic verification methods},
	Volume = {531},
	Year = {1991}}

@article{godefroid-wolper-93,
	Author = {Godefroid, P. and Wolper, P.},
	Issue = {2},
	Journal = fmsd,
	Pages = {149--164},
	Publisher = {Kluwer Academic Publishers},
	Title = {Using partial orders for the efficient verification of deadlock freedom and safety properties},
	Url = {http://portal.acm.org/citation.cfm?id=175764.175768},
	Volume = {2},
	Year = {1993},
	Bdsk-Url-1 = {http://portal.acm.org/citation.cfm?id=175764.175768}}

@inproceedings{peled-93,
	Author = {Peled, Doron},
	Booktitle = cav,
	Pages = {409--423},
	Publisher = springer,
	Title = {{All from One, One for All: on Model Checking Using Representatives}},
	Url = {http://portal.acm.org/citation.cfm?id=647762.735490},
	Year = {1993},
	series = lncs,
	volume = {697},
}

@inproceedings{valmari-91,
	Author = {Valmari, A.},
	Booktitle = {ICATPN/APN'89},
	Pages = {491--515},
	Publisher = springer,
	Series = LNCS,
	Title = {{Stubborn Sets for Reduced State Space Generation}},
	Volume = {483},
	Year = {1991},
	Bdsk-Url-1 = {http://portal.acm.org/citation.cfm?id=647736.735461}}

@incollection{peled-96,
	Author = {Peled, D.},
	Booktitle = {MFCS'96},
	Pages = {93-112},
	Publisher = springer,
	Series = LNCS,
	Title = {Partial order reduction: Model-checking using representatives},
	Volume = {1113},
	Year = {1996}}

@inproceedings{peled-ltl,
	Author = {Peled, D.},
	Booktitle = CAV,
	Pages = {377--390},
	Publisher = springer,
	Series = LNCS,
	Title = {Combining Partial Order Reductions with On-the-fly Model-Checking},
	Url = {http://portal.acm.org/citation.cfm?id=647763.735529},
	Year = {1994},
	Bdsk-Url-1 = {http://portal.acm.org/citation.cfm?id=647763.735529}}

@article{godefroid-wolper-94,
	Author = {Godefroid, P. and Wolper, P.},
	Doi = {10.1006/inco.1994.1035},
	Issue = {2},
	Journal = {Inf. Comput.},
	Pages = {305--326},
	Publisher = {Academic Press, Inc.},
	Title = {A partial approach to model checking},
	Url = {http://portal.acm.org/citation.cfm?id=185268.185271},
	Volume = {110},
	Year = {1994},
	Bdsk-Url-1 = {http://portal.acm.org/citation.cfm?id=185268.185271},
	Bdsk-Url-2 = {http://dx.doi.org/10.1006/inco.1994.1035}}

@incollection{godefroid-pirottin,
	Author = {Godefroid, P. and Pirottin, D.},
	Bdsk-Url-1 = {http://dx.doi.org/10.1007/3-540-56922-7\_36},
	Booktitle = CAV,
	Pages = {438-449},
	Publisher = springer,
	Series = LNCS,
	Title = {Refining dependencies improves partial-order verification methods},
	Url = {http://dx.doi.org/10.1007/3-540-56922-7\_36},
	Volume = {697},
	Year = {1993},
	Bdsk-Url-2 = {http://dx.doi.org/10.1007/3-540-56922-7%5C_36}}

@incollection{clarke,
	Author = {Clarke, Edmund M.},
	Bdsk-Url-1 = {http://dx.doi.org/10.1007/978-3-540-69850-0\_1},
	Booktitle = {25 Years of Model Checking},
	Doi = {http://dx.doi.org/10.1007/978-3-540-69850-0\_1},
	Pages = {1--26},
	Publisher = springer,
	Title = {The Birth of Model Checking},
	Url = {http://dx.doi.org/10.1007/978-3-540-69850-0\_1},
	Year = {2008},
	Bdsk-Url-2 = {http://dx.doi.org/10.1007/978-3-540-69850-0%5C_1}}

@inproceedings{Grumberg:2005:PUM:1040305.1040316,
 author = {Grumberg, Orna and Lerda, Flavio and Strichman, Ofer and Theobald, Michael},
 title = {Proof-guided Underapproximation-widening for Multi-process Systems},
 booktitle = popl,
 year = {2005},
 pages = {122--131},
 url = {http://doi.acm.org/10.1145/1040305.1040316},
 doi = {10.1145/1040305.1040316},
 publisher = ACM,
} 

@phdthesis{mcmillan,
	Author = {McMillan, K.L.},
	Note = {UMI No. \hbox{GAX92-24209}},
	Publisher = {Carnegie Mellon University},
	Title = {Symbolic model checking: an approach to the state explosion problem},
	Year = {1992}}

@inproceedings{burch-clarke-mcmillan-dill-hwang,
	Author = {J.R. Burch and E.M. Clarke and K.L. McMillan and D.L. Dill and L.J. Hwang},
	Booktitle = LICS,
	Pages = {428-439},
	Title = {Symbolic Model Checking: {$10^{20}$} States and Beyond},
	Year = {1990}}

@article{guardpor2,
	Author = {A. W. {Laarman} and E. {Pater} and J. C. {van de Pol} and H. {Hansen}},
	Journal = STTT,
	Pages = {1--22},
	Publisher = SPRINGER,
	Title = {Guard-based partial-order reduction},
	Volume = {online},
	Year = {2014}}
	
@misc{vvtwebsite,
  title = {{The Vienna Verification Tool website}},
  howpublished = {\url{http://vvt.forsyte.at/}},
  note = {Last accessed: 2016-11-21},
  author = {Henning G\"unther}
}
	
@misc{svcomp,
  title = {{The Software Verification Competition website}},
  howpublished = {\url{http://sv-comp.sosy-lab.org/2016/}},
  author = {Dirk Beyer}
}

@inproceedings{svcomp16,
 author = {Beyer, Dirk},
 title = {Reliable and Reproducible Competition Results with BenchExec and Witnesses Report on SV-COMP 2016},
 booktitle = tacas,
 series = lncs,
 volume = {9636},
 year = {2016},
 pages = {887--904},
 url = {http://dx.doi.org/10.1007/978-3-662-49674-9_55},
 doi = {10.1007/978-3-662-49674-9_55},
 publisher = springer,
} 


@inproceedings{guardpor,
	Author = {Laarman, Alfons W. and Pater, Elwin and Pol, J. {van} {de} and Weber, Michael},
	Booktitle = spin,
	Doi = {10.1007/978-3-642-39176-7_15},
	Pages = {227-245},
	Publisher = springer,
	Series = LNCS,
	Title = {{Guard-Based Partial-Order Reduction}},
	Urldel = {http://dx.doi.org/10.1007/978-3-642-39176-7_15},
	Volume = {7976},
	Year = {2013},
	Bdsk-Url-1 = {http://dx.doi.org/10.1007/978-3-642-39176-7_15}}

@inproceedings{Valmari1991,
author="Valmari, Antti",
title="Stubborn sets for reduced state space generation",
Booktitle="Advances in Petri Nets",
year="1990",
publisher=springer,
pages="491--515",
series = lncs,
volume = {483},
isbn="978-3-540-46369-6",
doi="10.1007/3-540-53863-1_36",
url="http://dx.doi.org/10.1007/3-540-53863-1_36"
}



@book{papadimitriou,
	Author = {Papadimitriou, Christos},
	Isbn = {0-88175-027-1},
	Publisher = {Computer Science Pr.},
	Series = {Principles of computer science series},
	Title = {The theory of database concurrency control},
	Year = {1986}}

@phdthesis{overman,
	Author = {Overman, W.T.},
	Note = {AAI8121023},
	School = {University of California, Los Angeles},
	Title = {Verification of concurrent systems: function and timing},
	Year = {1981}}

@inproceedings{katz-peled,
	Author = {S. Katz and D. Peled},
	Bibsource = {DBLP, http://dblp.uni-trier.de},
	Booktitle = {REX Workshop},
	Ee = {http://dx.doi.org/10.1007/BFb0013032},
	Pages = {489-507},
	Title = {An efficient verification method for parallel and distributed programs},
	Year = {1988},
	Publisher = springer,
	Series = LNCS,
	Volume = {354},
	Year = {1989}}

@inproceedings{katz-peled2,
	Author = {Katz, S. and Peled, D.},
	Booktitle = {Linear Time, Branching Time and Partial Order in Logics and Models for Concurrency, School/Workshop},
	Pages = {489--507},
	Publisher = springer,
	Title = {An efficient verification method for parallel and distributed programs},
	Url = {http://portal.acm.org/citation.cfm?id=648140.761262},
	Year = {1989},
	Bdsk-Url-1 = {http://portal.acm.org/citation.cfm?id=648140.761262}}

% why double ref????


@inproceedings{valmari-92,
	Author = {Valmari, Antti},
	Booktitle = CAV,
	Pages = {156--165},
	Publisher = springer,
	Series = LNCS,
	Title = {{A Stubborn Attack On State Explosion}},
	Year = {1991},
	Bdsk-Url-1 = {http://portal.acm.org/citation.cfm?id=647759.735025}}

%An Approach to the State-Explosion Problem
@book{godefroid,
	editor = {Godefroid, Patrice},
	Publisher = springer,
	Title = {Partial-Order Methods for the Verification of Concurrent Systems},
	Year = {1996},
	series = lncs,
	volume = {1032}
	}

@article{clarke-grumberg-minea-peled,
	Author = {E. M. Clarke and O. Grumberg and M. Minea and D. Peled},
	journal = sttt,
	Pages = {279--287},
	Publisher = Springer,
	Title = {State space reduction using partial order techniques},
	Year = {1999}}

@inproceedings{geldenhuys-hansen-valmari,
	Author = {Geldenhuys, J. and Hansen, H. and Valmari, A.},
	Bdsk-Url-1 = {http://dx.doi.org/10.1007/978-3-642-04761-9\_4},
	Booktitle = ATVA,
	Doi = {http://dx.doi.org/10.1007/978-3-642-04761-9\_4},
	Pages = {39--53},
	Publisher = springer,
	Series = LNCS,
	Title = {{Exploring the Scope for Partial Order Reduction}},
	Year = {2009},
	Bdsk-Url-2 = {http://dx.doi.org/10.1007/978-3-642-04761-9%5C_4}}

@inproceedings{marrying,
	Author = {Laarman, A. and van de Pol, J. and Weber, M.},
	Booktitle = NFM,
	Pages = {506--511},
	Publisher = springer,
	Series = LNCS,
	Title = {{Multi-Core LTSmin: Marrying Modularity and Scalability}},
	Volume = {6617},
	Year = {2011}}

@inproceedings{ltsmin,
	Author = {S.C.C. Blom and Pol, J. van de and Weber, M.},
	Booktitle = CAV,
	Notedel = {See also Technical Report {TR-CTIT-09-30} (http://eprints.eemcs.utwente.nl/15703/).},
	Pages = {354--359},
	Publisher = springer,
	Series = LNCS,
	Title = {{LTSmin}: Distributed and Symbolic Reachability},
	Url = {http://doc.utwente.nl/72417/},
	Volume = {6174},
	Year = {2010},
	Bdsk-Url-1 = {http://doc.utwente.nl/72417/}}

@misc{pins,
	Author = {S.C.C. {Blom} and J. {van de Pol} and M. {Weber}},
	Number = {TR-CTIT-09-30},
	Publisher = {Centre for Telematics and Information Technology, University of Twente},
	Title = {Bridging the Gap between Enumerative and Symbolic Model Checkers},
	Url = {http://doc.utwente.nl/67526/},
	Year = {2009},
	Bdsk-Url-1 = {http://doc.utwente.nl/67526/}}

@inproceedings{cadp,
	Author = {Garavel, H. and Mateescu, R. and Lang, F. and Serwe, W.},
	Booktitle = CAV,
	Pages = {158--163},
	Publisher = springer,
	Series = LNCS,
	Title = {{CADP} 2006: a toolbox for the construction and analysis of distributed processes},
	Url = {http://portal.acm.org/citation.cfm?id=1770351.1770376},
	Year = {2007},
	Bdsk-Url-1 = {http://portal.acm.org/citation.cfm?id=1770351.1770376}}

@incollection{optimal,
	Author = {Valmari, A. and Hansen, H.},
	Booktitle = {ATPN},
	Pages = {43-62},
	Publisher = springer,
	Series = LNCS,
	Title = {{Can Stubborn Sets Be Optimal?}},
	Volume = {6128},
	Year = {2010}}

@article{lipton,
	Author = {Lipton, Richard J.},
	Journal = cacm,
	Number = {12},
	Pages = {717--721},
	Publisher = ACM,
	Title = {Reduction: A Method of Proving Properties of Parallel Programs},
	Volume = {18},
	Year = {1975}}

@inproceedings{lamport-tla,
	Author = {Ernie Cohen and Leslie Lamport},
	Booktitle = CONCUR,
	Pages = {317--331},
	Publisher = SPRINGER,
	Series = LNCS,
	Title = {Reduction in {TLA}},
	Volume = {1466},
	Year = {1998}}

@incollection{ic3,
	Author = {Bradley, Aaron R.},
	Booktitle = VMCAI,
	Pages = {70--87},
	Publisher = SPRINGER,
	Series = LNCS,
	Title = {{SAT}-Based Model Checking without Unrolling},
	Volume = {6538},
	Year = {2011}}

@inproceedings{IC3Generalization,
	Author = {Zyad Hassan and Aaron R. Bradley and Fabio Somenzi},
	Booktitle = FMCAD,
	Pages = {157--164},
	Publisher = {{FMCAD} Inc.},
	Title = {Better generalization in {IC3}},
	Year = {2013}}

@inproceedings{CTIGAR,
	Author = {Birgmeier, Johannes and Bradley, Aaron and Weissenbacher, Georg},
	Booktitle = CAV,
	Pages = {829--846},
	Publisher = SPRINGER,
	Series = LNCS,
	Title = {Counterexample to Induction-Guided Abstraction-Refinement ({CTIGAR})},
	Volume = 8559,
	Year = 2014}

%editor="Chechik, Marsha and Raskin, Jean-Fran{\c{c}}ois",
@inproceedings{Beyer2016,
author={Beyer, Dirk},
title="Reliable and Reproducible Competition Results with {BenchExec} and Witnesses (Report on {SV-COMP} 2016)",
booktitle=tacas,
year="2016",
publisher=springer,
pages="887--904",
volume = 9636,
series = lncs
}


%,
@inproceedings{BeyerCGKS09,
	Author = {Dirk Beyer and Alessandro Cimatti and Alberto Griggio and M. Erkan Keremoglu and Roberto Sebastiani},
	Booktitle = FMCAD,
	Pages = {25--32},
	Publisher = IEEE,
	Title = {Software model checking via large-block encoding},
	Year = {2009}}

@inproceedings{Cimatti2012,
	Author = {Alessandro Cimatti and Alberto Griggio},
	Booktitle = CAV,
	Pages = {277--293},
	Publisher = SPRINGER,
	Series = LNCS,
	Title = {{Software Model Checking via IC3}},
	Volume = {7358},
	Year = {2012}}

%and Raychev, Veselin and Vechev, Martin and Koskinen, Eric
@inproceedings{dimitrov2014commutativity,
  title={Commutativity race detection},
  author={{Dimitrov et al.}, Dimitar},
  booktitle={ACM SIGPLAN Notices},
  volume={49 (6)},
  pages={305--315},
  year={2014},
  organization={ACM}
}


@inproceedings{Hoder2012,
	Author = {Hoder, Kry\v{s}tof and Bj{\o}rner, Nikolaj},
	Booktitle = SAT,
	Pages = {157-171},
	Publisher = SPRINGER,
	Series = LNCS,
	Title = {{G}eneralized Property~Directed~Reachability},
	Volume = {7317},
	Year = {2012}}

@inproceedings{Welp2013,
	Author = {Welp, Tobias and Kuehlmann, Andreas},
	Booktitle = DATE,
	Pages = {791--796},
	Publisher = {EDA Consortium},
	Title = {{QF\_BV Model Checking with Property Directed Reachability}},
	Year = {2013}}

@inproceedings{CimattiGMT14,
	Author = {Alessandro Cimatti and Alberto Griggio and Sergio Mover and Stefano Tonetta},
	Booktitle = TACAS,
	Pages = {46--61},
	Publisher = SPRINGER,
	Series = LNCS,
	Title = {{IC3} Modulo Theories via Implicit Predicate Abstraction},
	Volume = {8413},
	Year = {2014}}

@inproceedings{PopeeaRW14,
	Author = {Corneliu Popeea and Andrey Rybalchenko and Andreas Wilhelm},
	Booktitle = FMCAD,
	Pages = {187--194},
	Publisher = IEEE,
	Title = {Reduction for compositional verification of multi-threaded programs},
	Year = {2014}}

@inproceedings{GuptaPR11,
	Author = {Ashutosh Gupta and Corneliu Popeea and Andrey Rybalchenko},
	Booktitle = CAV,
	Pages = {412--417},
	Publisher = SPRINGEr,
	Series = LNCS,
	Title = {Threader: {A} Constraint-Based Verifier for Multi-threaded Programs},
	Volume = {6806},
	Year = {2011}}

@inproceedings{GurfinkelCS11,
	Author = {Arie Gurfinkel and Sagar Chaki and Samir Sapra},
	Booktitle = NFM,
	Pages = {131--145},
	Publisher = SPRINGER,
	Series = LNCS,
	Title = {Efficient Predicate Abstraction of Program Summaries},
	Volume = {6617},
	Year = {2011}}

@article{Cytron1991,
	Acmid = {115320},
	Author = {Cytron, Ron and Ferrante, Jeanne and Rosen, Barry K. and Wegman, Mark N. and Zadeck, F. Kenneth},
	Journal = TOPLAS,
	Number = {4},
	Pages = {451--490},
	Publisher = ACM,
	Title = {Efficiently Computing Static Single Assignment Form and the Control Dependence Graph},
	Volume = {13},
	Year = {1991}}

@article{gao,
	Author = {Gao, H. and Groote, J. F. and Hesselink, W. H.},
	Doi = {10.1007/s00446-004-0115-2},
	Journal = {Distributed Computing},
	Number = {1},
	Pages = {21--42},
	Title = {Lock-free dynamic hash tables with open addressing},
	Url = {http://dx.doi.org/10.1007/s00446-004-0115-2},
	Volume = {18},
	Bdsk-Url-1 = {http://dx.doi.org/10.1007/s00446-004-0115-2}}

@article{CSSA,
	Author = {Chao Wang and Sudipta Kundu and Rhishikesh Limaye and Malay K. Ganai and Aarti Gupta},
	Doi = {10.1007/s00165-011-0179-2},
	Journal = {Formal Asp. Comput.},
	Number = {6},
	Pages = {781--805},
	Title = {Symbolic predictive analysis for concurrent programs},
	Url = {http://dx.doi.org/10.1007/s00165-011-0179-2},
	Volume = {23},
	Year = {2011},
	Bdsk-Url-1 = {http://dx.doi.org/10.1007/s00165-011-0179-2}}

@incollection{impact,
  author    = {Kenneth L. McMillan},
  title     = {Lazy Abstraction with Interpolants},
  booktitle = CAV,
  year      = {2006},
  pages     = {123-136},
  publisher = SPRINGER,
  series    = LNCS,
  volume    = {4144},
}

@incollection{hrmgs02,
 author = {Thomas A. Henzinger and Ranjit Jhala and Rupak Majumdar and Gr\'{e}goire Sutre},
 title = {Lazy abstraction},
 booktitle = POPL,
 year = {2002},
 pages = {58--70},
 publisher = ACM,
 }

%: Concretizing the Convergence of Model Checking and Program Analysis},
@inproceedings{beyerCAV07,
  author    = {Dirk Beyer and
               Thomas A. Henzinger and
               Gr{\'e}gory Th{\'e}oduloz},
  title     = {Configurable Software Verification},
  booktitle = CAV,
  year      = 2007,
  pages     = {504-518},
  series    = LNCS,
  volume    = {4590},
  publisher = SPRINGER,
}

@article{CookKS07,
  author    = {Byron Cook and
               Daniel Kroening and
               Natasha Sharygina},
  title     = {Verification of Boolean programs with unbounded thread creation},
  journal   = tcs,
  volume    = {388},
  number    = {1-3},
  pages     = {227--242},
  year      = {2007},
  url       = {http://dx.doi.org/10.1016/j.tcs.2007.07.050},
  doi       = {10.1016/j.tcs.2007.07.050},
}

@inproceedings{ElmasQT09,
  author    = {Tayfun Elmas and
               Shaz Qadeer and
               Serdar Tasiran},
  title     = {A calculus of atomic actions},
  booktitle = {POPL},
  pages     = {2--15},
  year      = {2009},
  publisher = ACM}

@inproceedings{Park,
 author = {Park, David},
 title = {Concurrency and Automata on Infinite Sequences},
 booktitle = {Theoretical Computer Science},
 year = {1981},
 series = lncs,
 volume = {104},
 pages = {167--183},
 publisher = {Springer},
}

@book{Milner,
 author = {Milner, Robin},
 year = {1989},
 title = {Communication and Concurrency},
 publisher = {Prentice Hall}
}

